@book{jacobsen_2019,
	 place={Cambridge},
	 series={Advances in Microscopy and Microanalysis}, title={X-Ray Microscopy},
	 publisher={Cambridge University Press},
	 author={Jacobsen, Chris},
	 year={2019},
	 collection={Advances in Microscopy and Microanalysis},
 }


@article{wendy_2019,
	author = {Austin, Anthony P. and Di, Zichao and Leyffer, Sven and Wild, Stefan M.},
	title = {Simultaneous Sensing Error Recovery and Tomographic Inversion Using an Optimization-Based Approach},
	journal = {SIAM Journal on Scientific Computing},
	volume = {41},
	number = {3},
	pages = {B497-B521},
	year = {2019},
	doi = {10.1137/18M121993X},
}

@article{gursoy_2017,
	author={G{\"u}rsoy, Do{\u{g}}a
	and Hong, Young P.
	and He, Kuan
	and Hujsak, Karl
	and Yoo, Seunghwan
	and Chen, Si
	and Li, Yue
	and Ge, Mingyuan
	and Miller, Lisa M.
	and Chu, Yong S.
	and De Andrade, Vincent
	and He, Kai
	and Cossairt, Oliver
	and Katsaggelos, Aggelos K.
	and Jacobsen, Chris},
	title={Rapid alignment of nanotomography data using joint iterative reconstruction and reprojection},
	journal={Scientific Reports},
	year={2017},
	month={Sep},
	day={18},
	volume={7},
	number={1},
	pages={11818},
	doi={10.1038/s41598-017-12141-9},
}


@article{bicer_asci_2017,
	author={Bicer, Tekin
	and G{\"u}rsoy, Do{\u{g}}a
	and Andrade, Vincent De
	and Kettimuthu, Rajkumar
	and Scullin, William
	and Carlo, Francesco De
	and Foster, Ian T.},
	title={Trace: a high-throughput tomographic reconstruction engine for large-scale datasets},
	journal={Advanced Structural and Chemical Imaging},
	year={2017},
	month={Jan},
	day={28},
	volume={3},
	number={1},
	pages={6},
	doi={10.1186/s40679-017-0040-7}
}

@Article{palenstijn_asci_2016,
	author={Palenstijn, Willem Jan
	and B{\'e}dorf, Jeroen
	and Sijbers, Jan
	and Batenburg, K. Joost},
	title={A distributed ASTRA toolbox},
	journal={Advanced Structural and Chemical Imaging},
	year={2016},
	month={Dec},
	day={07},
	volume={2},
	number={1},
	pages={19},
	doi={10.1186/s40679-016-0032-z}
}

@InProceedings{marchesini_inproc_2020,
	author={Marchesini, Stefano
	and Trivedi, Anuradha
	and Enfedaque, Pablo
	and Perciano, Talita
	and Parkinson, Dilworth",
	editor="Krzhizhanovskaya, Valeria V.
	and Z{\'a}vodszky, G{\'a}bor
	and Lees, Michael H.
	and Dongarra, Jack J.
	and Sloot, Peter M. A.
	and Brissos, S{\'e}rgio
	and Teixeira, Jo{\~a}o"},
	title={Sparse Matrix-Based HPC Tomography},
	booktitle={Computational Science -- ICCS 2020},
	year={2020},
	publisher={Springer International Publishing"},
	address={Cham},
	pages={248--261},
}

@inproceedings{hidayetouglu_inproc_2019,
	author = {Hidayeto\u{g}lu, Mert and Bi\c{c}er, Tekin and de Gonzalo, Simon Garcia and Ren, Bin and G\"{u}rsoy, Do\u{g}a and Kettimuthu, Rajkumar and Foster, Ian T. and Hwu, Wen-mei W.},
	title = {MemXCT: Memory-Centric X-Ray CT Reconstruction with Massive Parallelization},
	year = {2019},
	isbn = {9781450362290},
	publisher = {Association for Computing Machinery},
	address = {New York, NY, USA},
	doi = {10.1145/3295500.3356220},
	booktitle = {Proceedings of the International Conference for High Performance Computing, Networking, Storage and Analysis},
	articleno = {85},
	numpages = {56},
	location = {Denver, Colorado},
	series = {SC '19}
}

@inproceedings{peng_inproc_2019,
	author = {Chen, Peng and Wahib, Mohamed and Takizawa, Shinichiro and Takano, Ryousei and Matsuoka, Satoshi},
	title = {IFDK: A Scalable Framework for Instant High-Resolution Image Reconstruction},
	year = {2019},
	isbn = {9781450362290},
	publisher = {Association for Computing Machinery},
	address = {New York, NY, USA},
	url = {https://doi.org/10.1145/3295500.3356163},
	doi = {10.1145/3295500.3356163},
	booktitle = {Proceedings of the International Conference for High Performance Computing, Networking, Storage and Analysis},
	articleno = {84},
	numpages = {24},
	keywords = {computed tomography, distributed, heterogeneous computing, GPU},
	location = {Denver, Colorado},
	series = {SC '19}
}



@misc{hong_arxiv_2020,
	author    = {Zhang, Hong and Constantinescu, Emil M and Smith,
	Barry F},
	title     = {{PETSc} {TSAdjoint}: a discrete adjoint {ODE}
	solver for first-order and second-order sensitivity
	analysis},
	year={2019},
	eprint={arxiv:1912.07696},
	howpublished={arxiv:1912.07696},
	archivePrefix={arXiv},
	primaryClass={cs.MS}
}


@Misc{petsc-web-page,
	author = {Satish Balay and Shrirang Abhyankar and Adams, Mark
	F and Jed Brown and Peter Brune and Kris Buschelman
	and Lisandro Dalc{\'\i}n and Alp Dener and Victor
	Eijkhout and Gropp, William D and Dmitry Karpeyev
	and Dinesh Kaushik and Knepley, Matthew G and
	May, Dave A and McInnes, Lois Curfman and
	Mills, Richard Tran and Todd Munson and Karl Rupp and Patrick
	Sanan and Smith, Barry F and Stefano Zampini and
	Hong Zhang and Hong Zhang},
	title =  {{PETS}c {W}eb page},
	url =    {https://www.mcs.anl.gov/petsc},
	howpublished = {\url{https://www.mcs.anl.gov/petsc}},
	year = {2019}
}

@TechReport{petsc-user-ref,
	author = {Satish Balay and Shrirang Abhyankar and
	Mark~F. Adams and Jed Brown and Peter Brune and Kris
	Buschelman and Lisandro Dalc{\'\i}n and Alp Dener and
	Victor Eijkhout and Gropp, William D and Dmitry
	Karpeyev and Dinesh Kaushik and Knepley, Matthew G
	and May, Dave A and McInnes, Lois Curfman and Mills, Richard
	Tran and Todd Munson and Karl Rupp and Patrick
	Sanan and Smith, Barry F and Stefano Zampini and
	Hong Zhang and Hong Zhang},
	title  = {{PETS}c Users Manual},
	institution = {Argonne National Laboratory},
	year   = 2019,
	number = {ANL-95/11 - Revision 3.11},
	url    = {https://www.mcs.anl.gov/petsc}
}

@article{sajid_optexp_2020,
	author = {Sajid Ali and Ming Du and Mark F. Adams and Barry Smith and Chris Jacobsen},
	journal = {Opt. Express},
	keywords = {Astronomical interferometry; Discrete Fourier transforms; Far field diffraction; Image reconstruction; Light sources; Wave propagation},
	number = {20},
	pages = {29590--29618},
	publisher = {OSA},
	title = {Comparison of distributed memory algorithms for X-ray wave propagation in inhomogeneous media},
	volume = {28},
	month = {Sep},
	year = {2020},
	doi = {10.1364/OE.400240},
}

@book{briggs_book_2000,
	title={A Multigrid Tutorial: Second Edition},
	author={Briggs, W. L. and Henson, V. E. and McCormick, S. F.},
	isbn={9780898714623},
	lccn={87062333},
	series={Other Titles in Applied Mathematics},
	doi={10.1137/1.9780898719505},
	year={2000},
	publisher={Society for Industrial and Applied Mathematics},
}

@InProceedings{yang_bookchapter_2006,
	author={Yang, Ulrike Meier},
	editor={Bruaset, Are Magnus
	and Tveito, Aslak},
	title={Parallel Algebraic Multigrid Methods --- High Performance Preconditioners},
	booktitle={Numerical Solution of Partial Differential Equations on Parallel Computers},
	year={2006},
	publisher={Springer Berlin Heidelberg},
	address={Berlin, Heidelberg},
	pages={209--236},
	isbn={978-3-540-31619-0}
}

@article{stuben_jcomputapplmath_2001,
	title = {A review of algebraic multigrid},
	journal = {Journal of Computational and Applied Mathematics},
	volume = {128},
	number = {1},
	pages = {281--309},
	year = {2001},
	note = {Numerical Analysis 2000. Vol. VII: Partial Differential Equations},
	issn = {0377-0427},
	doi = {10.1016/S0377-0427(00)00516-1},
	author = {{St\"{u}ben}, K}
}


@article{ms_1957,
	author = {Cowley, J. M. and Moodie, A. F.},
	title = {The scattering of electrons by atoms and crystals. I. A new theoretical approach},
	journal = {Acta Crystallographica},
	volume = {10},
	number = {10},
	pages = {609-619},
	year = {1957}
}

@article{Li17,
	author = {Kenan Li and Michael Wojcik and Chris Jacobsen},
	journal = {Opt. Express},
	keywords = {X-ray optics; X-ray microscopy; Computational electromagnetic methods ; Wave propagation ; Electron beam lithography; Fresnel zones; Total internal reflection; X ray diffraction; X ray optics; Zone plates},
	number = {3},
	pages = {1831--1846},
	publisher = {OSA},
	title = {Multislice does it all;calculating the performance of nanofocusing X-ray optics},
	volume = {25},
	month = {Feb},
	year = {2017},
	doi = {10.1364/OE.25.001831},
}

@article{VanRoey81,
	author = {J. Van Roey and J. van der Donk and P. E. Lagasse},
	journal = {J. Opt. Soc. Am.},
	keywords = {Discrete Fourier transforms; Evanescent waves; Fast Fourier transforms; Fourier transforms; Gaussian beams; Refractive index},
	number = {7},
	pages = {803--810},
	publisher = {OSA},
	title = {Beam-propagation method: analysis and assessment},
	volume = {71},
	month = {Jul},
	year = {1981},
	url = {http://www.osapublishing.org/abstract.cfm?URI=josa-71-7-803},
	doi = {10.1364/JOSA.71.000803},
	abstract = {A method for the calculation of the propagation of a light beam through an inhomogeneous medium is presented. A theoretical analysis of this beam-propagation method is given, and a set of conditions necessary for the accurate application of the method is derived. The method is illustrated by the study of a number of integrated-optic structures, such as thin-film waveguides and gratings.},
}

@book{goodman_2017,
	place={New York, N.Y},
	title={Introduction to Fourier optics},
	publisher={W.H. Freeman},
	author={Goodman, Joseph W},
	year={2017},
}


@article{Gilles_18,
	author = {M. A. Gilles and Y. S. G. Nashed and M. Du and C. Jacobsen and S. M. Wild},
	journal = {Optica},
	number = {9},
	pages = {1078--1086},
	publisher = {OSA},
	title = {3D x-ray imaging of continuous objects beyond the depth of focus limit},
	volume = {5},
	month = {Sep},
	year = {2018},
}

@article{Tsai_16,
	author = {Esther H. R. Tsai and Ivan Usov and Ana Diaz and Andreas Menzel and Manuel Guizar-Sicairos},
	journal = {Opt. Express},
	keywords = {Phase retrieval; X-ray microscopy; Synchrotron radiation; X-ray imaging; Extended depth of field; Image metrics; Image quality; Scanning electron microscopy; Three dimensional imaging; X ray computed tomography},
	number = {25},
	pages = {29089--29108},
	publisher = {OSA},
	title = {X-ray ptychography with extended depth of field},
	volume = {24},
	month = {Dec},
	year = {2016},
}


@article{Ozturk_18,
	author = {Hande \"{O}zt\"{u}rk and Hanfei Yan and Yan He and Mingyuan Ge and Zhihua Dong and Meifeng Lin and Evgeny Nazaretski and Ian K. Robinson and Yong S. Chu and Xiaojing Huang},
	journal = {Optica},
	number = {5},
	pages = {601--607},
	publisher = {OSA},
	title = {Multi-slice ptychography with large numerical aperture multilayer Laue lenses},
	volume = {5},
	month = {May},
	year = {2018},
}

@article{Shimomura_15,
	title = {Precession x-ray ptychography with multislice approach},
	author = {Shimomura, Kei and Suzuki, Akihiro and Hirose, Makoto and Takahashi, Yukio},
	journal = {Phys. Rev. B},
	volume = {91},
	issue = {21},
	pages = {214114},
	numpages = {5},
	year = {2015},
	month = {Jun},
	publisher = {American Physical Society},
}

@Article{Li_2018,
	author={Li, Peng
	and Maiden, Andrew},
	title={Multi-slice ptychographic tomography},
	journal={Scientific Reports},
	year={2018},
	volume={8},
	number={1},
	pages={2049},
	issn={2045-2322},
}
@article {Du_2020,
	author = {Du, Ming and Nashed, Youssef S. G. and Kandel, Saugat and G{\"u}rsoy, Do{\u g}a and Jacobsen, Chris},
	title = {Three dimensions, two microscopes, one code: Automatic differentiation for x-ray nanotomography beyond the depth of focus limit},
	volume = {6},
	number = {13},
	elocation-id = {eaay3700},
	year = {2020},
	doi = {10.1126/sciadv.aay3700},
	publisher = {American Association for the Advancement of Science},
	URL = {https://advances.sciencemag.org/content/6/13/eaay3700},
	eprint = {https://advances.sciencemag.org/content/6/13/eaay3700.full.pdf},
	journal = {Science Advances}
}


