@phdthesis{Fuhse_thesis,
  author       = {Christian Fuhse}, 
  title        = {X-ray waveguides and waveguide-based lensless imaging},
  school       = {University of G\"ottingen},
  year         = 2006,
}




@article{Melchior17,
	author = {Lars Melchior and Tim Salditt},
	journal = {Opt. Express},
	keywords = {Pulses; Ultrafast phenomena; X-rays, soft x-rays, extreme ultraviolet (EUV); Propagation; Waves; Discrete Fourier transforms; Hard x rays; Optical design; Pulse propagation; X ray optics; Zone plates},
	number = {25},
	pages = {32090--32109},
	publisher = {OSA},
	title = {Finite difference methods for stationary and time-dependent X-ray propagation},
	volume = {25},
	month = {Dec},
	year = {2017},
	url = {http://www.opticsexpress.org/abstract.cfm?URI=oe-25-25-32090},
	doi = {10.1364/OE.25.032090},
}

@article{Li17,
	author = {Kenan Li and Michael Wojcik and Chris Jacobsen},
	journal = {Opt. Express},
	keywords = {X-ray optics; X-ray microscopy; Computational electromagnetic methods ; Wave propagation ; Electron beam lithography; Fresnel zones; Total internal reflection; X ray diffraction; X ray optics; Zone plates},
	number = {3},
	pages = {1831--1846},
	publisher = {OSA},
	title = {Multislice does it all;calculating the performance of nanofocusing X-ray optics},
	volume = {25},
	month = {Feb},
	year = {2017},
	url = {http://www.opticsexpress.org/abstract.cfm?URI=oe-25-3-1831},
	doi = {10.1364/OE.25.001831},
}


@article{Scarmozzino91,
	author = {R. Scarmozzino and R. M. Osgood},
	journal = {J. Opt. Soc. Am. A},
	keywords = {Fast Fourier transforms; First order optics; Light propagation; Propagation methods; Refractive index; Wavefronts},
	number = {5},
	pages = {724--731},
	publisher = {OSA},
	title = {Comparison of finite-difference and Fourier-transform solutions of the parabolic wave equation with emphasis on integrated-optics applications},
	volume = {8},
	month = {May},
	year = {1991},
	url = {http://josaa.osa.org/abstract.cfm?URI=josaa-8-5-724},
	doi = {10.1364/JOSAA.8.000724},

}

