@book{jacobsen_2019,
	 place={Cambridge},
	 series={Advances in Microscopy and Microanalysis}, title={X-Ray Microscopy},
	 publisher={Cambridge University Press},
	 author={Jacobsen, Chris},
	 year={2019},
	 collection={Advances in Microscopy and Microanalysis},
 }


@article{wendy_2019,
	author = {Austin, Anthony P. and WendyDi, Zichao and Leyffer, Sven and Wild, Stefan M.},
	title = {Simultaneous Sensing Error Recovery and Tomographic Inversion Using an Optimization-Based Approach},
	journal = {SIAM Journal on Scientific Computing},
	volume = {41},
	number = {3},
	pages = {B497-B521},
	year = {2019},
	doi = {10.1137/18M121993X},
}


