@book{jacobsen_2019,
	 place={Cambridge},
	 series={Advances in Microscopy and Microanalysis}, title={X-Ray Microscopy},
	 publisher={Cambridge University Press},
	 author={Jacobsen, Chris},
	 year={2019},
	 collection={Advances in Microscopy and Microanalysis},
 }